
@misc{michaelis_organizacao_nodate,
	title = {Organização},
	url = {https://michaelis.uol.com.br/busca?id=EZq3x},
	journal = {Michaelis},
	author = {Michaelis},
}
